<?xml version="1.0" encoding="UTF-8"?>
<collection xmlns:xsi="http://www.w3.org/2001/XMLSchema-instance" xsi:schemaLocation="http://www.loc.gov/MARC21/slim http://www.loc.gov/standards/marcxml/schema/MARC21slim.xsd" xmlns="http://www.loc.gov/MARC21/slim">
<record>
  <leader>01534cam a22003491a 4500</leader>
  <controlfield tag="001">2019492</controlfield>
  <controlfield tag="003">NNC</controlfield>
  <controlfield tag="005">20140126212907.0</controlfield>
  <controlfield tag="008">940426s1971    iq       b    000 0 ara  </controlfield>
  <datafield tag="010" ind1=" " ind2=" ">
    <subfield code="a">   72960505 /NE</subfield>
  </datafield>
  <datafield tag="035" ind1=" " ind2=" ">
    <subfield code="a">(OCoLC)30329971</subfield>
  </datafield>
  <datafield tag="035" ind1=" " ind2=" ">
    <subfield code="a">(OCoLC)ocm30329971</subfield>
  </datafield>
  <datafield tag="035" ind1=" " ind2=" ">
    <subfield code="9">AMP8103CU</subfield>
  </datafield>
  <datafield tag="035" ind1=" " ind2=" ">
    <subfield code="a">(NNC)2019492</subfield>
  </datafield>
  <datafield tag="040" ind1=" " ind2=" ">
    <subfield code="a">DLC</subfield>
    <subfield code="c">AUM</subfield>
    <subfield code="d">AUM</subfield>
    <subfield code="d">CGU</subfield>
    <subfield code="d">CStRLIN</subfield>
    <subfield code="d">CtY</subfield>
    <subfield code="d">UkOxU</subfield>
  </datafield>
  <datafield tag="050" ind1="0" ind2=" ">
    <subfield code="a">BP193.25</subfield>
    <subfield code="b">.I23</subfield>
  </datafield>
  <datafield tag="066" ind1=" " ind2=" ">
    <subfield code="c">(3</subfield>
  </datafield>
  <datafield tag="090" ind1=" " ind2=" ">
    <subfield code="a">Arab.</subfield>
    <subfield code="b">d.4591</subfield>
  </datafield>
  <datafield tag="100" ind1="1" ind2=" ">
    <subfield code="6">880-01</subfield>
    <subfield code="a">Ibn Bābawayh al-Qummī, Muḥammad ibn ʻAlī,</subfield>
    <subfield code="d">918 or 919-991 or 992.</subfield>
  </datafield>
  <datafield tag="245" ind1="1" ind2="3">
    <subfield code="6">880-02</subfield>
    <subfield code="a">al-Khiṣāl /</subfield>
    <subfield code="c">li-Abī Jaʻfar Muḥammad ibn ʻAlī ibn al-Ḥusayn ibn Bābawayh al-Qummī ; qaddama lahu Muḥammad Mahdī al-Sayyid Ḥasan al-Kharsān.</subfield>
  </datafield>
  <datafield tag="246" ind1="1" ind2="5">
    <subfield code="a">Qesal</subfield>
  </datafield>
  <datafield tag="260" ind1=" " ind2=" ">
    <subfield code="6">880-03</subfield>
    <subfield code="a">al-Najaf al-Ashraf :</subfield>
    <subfield code="b">al-Matḅaʻah al-Ḥaydarīyah,</subfield>
    <subfield code="c">1971.</subfield>
  </datafield>
  <datafield tag="300" ind1=" " ind2=" ">
    <subfield code="a">32, 624 p. ;</subfield>
    <subfield code="c">26 cm.</subfield>
  </datafield>
  <datafield tag="504" ind1=" " ind2=" ">
    <subfield code="a">Includes bibliographical references.</subfield>
  </datafield>
  <datafield tag="650" ind1=" " ind2="0">
    <subfield code="a">Hadith (Shiites)</subfield>
  </datafield>
  <datafield tag="700" ind1="1" ind2=" ">
    <subfield code="6">880-04</subfield>
    <subfield code="a">Kharsān, Ḥasan al-Mūsawī.</subfield>
  </datafield>
  <datafield tag="880" ind1="1" ind2=" ">
    <subfield code="6">100-01/(3/r</subfield>
    <subfield code="a">ابن بابوية القمي، محمد بن علي,</subfield>
    <subfield code="d">918 or 919-991 or 992.</subfield>
  </datafield>
  <datafield tag="880" ind1="1" ind2="2">
    <subfield code="6">245-02/(3/r</subfield>
    <subfield code="a">الخصال /</subfield>
    <subfield code="c">لأبي جعفر محمد بن علي بن الحسين بن بابوية القمي ؛ قدم له محمد مهدي السيد حسن الخرسان.</subfield>
  </datafield>
  <datafield tag="880" ind1=" " ind2=" ">
    <subfield code="6">260-03/(3/r</subfield>
    <subfield code="a">النجف الأشرف :</subfield>
    <subfield code="b">المطبعة الحيدرية،</subfield>
    <subfield code="c">١٩٧١.</subfield>
  </datafield>
  <datafield tag="880" ind1="1" ind2=" ">
    <subfield code="6">700-04/(3/r</subfield>
    <subfield code="a">خرسان، محمد مهدي.</subfield>
  </datafield>
  <datafield tag="955" ind1=" " ind2=" ">
    <subfield code="b">CU63323656</subfield>
    <subfield code="d">off,glx</subfield>
    <subfield code="e">PN6095.A7 I25 1971</subfield>
  </datafield>
</record>
</collection>